<record><leader>00000cas a22000007a 4500</leader><controlfield tag="001">16401547</controlfield><controlfield tag="008">870807c19859999iluwr ne      0   a0eng d</controlfield><datafield ind1=" " ind2=" " tag="010"><subfield code="a">sn 87003669 </subfield></datafield><datafield ind1=" " ind2=" " tag="040"><subfield code="a">NSD</subfield><subfield code="b">eng</subfield><subfield code="c">NSD</subfield><subfield code="d">OCLCQ</subfield></datafield><datafield ind1=" " ind2=" " tag="012"><subfield code="l">1</subfield><subfield code="m">x</subfield></datafield><datafield ind1="1" ind2=" " tag="022"><subfield code="a">0895-0113</subfield><subfield code="l">0895-0113</subfield><subfield code="y">0745-8681</subfield><subfield code="2">1</subfield></datafield><datafield ind1=" " ind2=" " tag="032"><subfield code="a">524000</subfield><subfield code="b">USPS</subfield></datafield><datafield ind1=" " ind2=" " tag="037"><subfield code="b">Des Plaines Pub. Co., 1000 Executive Way, Des Plaines, IL 60018</subfield></datafield><datafield ind1=" " ind2=" " tag="042"><subfield code="a">nsdp</subfield></datafield><datafield ind1=" " ind2="0" tag="222"><subfield code="a">Rosemont edition of the Times</subfield></datafield><datafield ind1="0" ind2="0" tag="245"><subfield code="a">Rosemont edition of the Times.</subfield></datafield><datafield ind1="3" ind2="0" tag="246"><subfield code="a">Rosemont times</subfield></datafield><datafield ind1="1" ind2="3" tag="246"><subfield code="a">Times</subfield></datafield><datafield ind1=" " ind2=" " tag="260"><subfield code="a">Des Plaines, IL :</subfield><subfield code="b">Des Plaines Pub. Co.</subfield></datafield><datafield ind1=" " ind2=" " tag="300"><subfield code="a">v.</subfield></datafield><datafield ind1=" " ind2=" " tag="310"><subfield code="a">Weekly</subfield></datafield><datafield ind1="1" ind2=" " tag="362"><subfield code="a">Began in Aug. 1985?</subfield></datafield><datafield ind1=" " ind2=" " tag="588"><subfield code="a">Description based on: Vol. 102, no. 27 (Wednesday, July 8, 1987).</subfield></datafield><datafield ind1=" " ind2=" " tag="752"><subfield code="a">United States</subfield><subfield code="b">Illinois</subfield><subfield code="c">Cook</subfield><subfield code="d">Des Plaines.</subfield></datafield><datafield ind1="0" ind2="0" tag="780"><subfield code="t">Rosemont times</subfield></datafield><datafield ind1="1" ind2=" " tag="787"><subfield code="t">Des Plaines edition of the Times</subfield><subfield code="x">0895-0148</subfield><subfield code="w">(DLC)sn 87001475</subfield></datafield></record>